@ARTICLE{IEEEVaV, 
	author={}, 
	journal={IEEE Std. 1012-2016}, 
	title={{IEEE Standard for System, Software, and Hardware Verification and Validation}}, 
	year={2016}, 
	volume={}, 
	pages={i -260}, 
	doi={}, 
}

@BOOK{TheEndOfWork,
	AUTHOR = "Jeremy Rifkin",
	TITLE = "The End of Work",
	PUBLISHER = "G.P. Putnam's Sons",
	YEAR = "1995"	}

@BOOK{Lamport:SoftwareEngineering,
	AUTHOR = "Ian Sommerville",
	TITLE = "Software Engineering 10e",
	PUBLISHER = "Pearson",
	YEAR = "2015"	}
	
@BOOK{Lamport:RequirementsEngineering,
	AUTHOR = "Axel van Lamsweerde",
	TITLE = "Requirements Engineering",
	PUBLISHER = "Wiley",
	YEAR = "2010"	}
	
@BOOK{Lamport:SoftwareRequirements,
	AUTHOR = "Karl Wiegers and Joy Beatty",
	TITLE = "Software Requirements",
	PUBLISHER = "Microsoft Press",
	YEAR = "2013"	}
	
@BOOK{Lamport:UnitTesting,
	AUTHOR = "Vladimir Khorikov",
	TITLE = "Unit Testing",
	PUBLISHER = "Manning Publications Co.",
	YEAR = "2020"	}
	
@BOOK{Lamport:MicroelectronicCircuits,
	AUTHOR = "Adel S. Sedra and Kenneth C. Smith",
	TITLE = "Microelectronic Circuits 8e",
	PUBLISHER = "Oxford University Press",
	YEAR = "2021"	}
	
@BOOK{Lamport:CircuitAnalysis,
	AUTHOR = "J. David Irwin and R. Mark Nelms",
	TITLE = "Engineering Circuit Analysis 12e",
	PUBLISHER = "Wiley",
	YEAR = "2022"	}
	
@BOOK{Lamport:Refactoring,
	AUTHOR = "Martin Fowler and Kent Beck",
	TITLE = "Refactoring: Improving the Design of Existing Code 2e",
	PUBLISHER = "Addison-Wesley",
	YEAR = "2019"	}
	
@BOOK{Lamport:LegacyCode,
	AUTHOR = "Michael C. Feathers",
	TITLE = "Working Effectively with Legacy Code",
	PUBLISHER = "Addison-Wesley",
	YEAR = "2005"	}
	
@BOOK{Lamport:CodeComplete,
	AUTHOR = "Steve McConnell",
	TITLE = "Code Complete 2e",
	PUBLISHER = "Microsoft Press",
	YEAR = "2004"	}
	
@BOOK{Lamport:SoftwareArchitecture,
	AUTHOR = "Joseph Ingeno",
	TITLE = "Software Architect's Handbook",
	PUBLISHER = "Packt Publishing",
	YEAR = "2018"	}






